@TECHREPORT{mmarchywka-MJM-2015-001,
AUTHOR = {M.J. Marchywka},
TITLE = { Notebook - Experiences with Supplemental Vitamin K, Copper, and Herbs in Dogs Discussed in Terms
of Inappropriate Mineralization and Disease. }, NUMBER = {MJM-2015-001},
VERSION = { 0.0 },
INSTITUTION = { not instituionalized , independent},
ADDRESS = {306 Charles Cox , Canton GA 30115},
NOTE = { Not originally meant to publish, lab notebook },
DATE = {August 24, 2018},
DAY = {01},
MONTH = {August},
YEAR = {2017},
AUTHOR1EMAIL = {marchywka@hotmail.com},
AUTHOR1ID = {orcid.org/0000-0001-9237-455X},
PAGES = 493 ,
CONTACT = {marchywka@hotmail.com}
}
@TECHREPORT{mmarchywka-MJM-2017-001,
AUTHOR = {M.J. Marchywka},
TITLE = { A series of informal canine cases, a methodology and hypotheses on therapeutic uses of copper and
vitamins for dogs },
NUMBER = {MJM-2017-001},
VERSION = { 1.0 },
INSTITUTION = { not instituionalized , independent},
ADDRESS = {306 Charles Cox , Canton GA 30115},
NOTE = { May be recycled in appropriate media },
DATE = {August 1, 2017},
DAY = {01},
MONTH = {August},
YEAR = {2017},
AUTHOR1EMAIL = {marchywka@hotmail.com},
AUTHOR1ID = {orcid.org/0000-0001-9237-455X},
PAGES = {34},
CONTACT = {marchywka@hotmail.com}
}

@TECHREPORT{mmarchywka-MJM-2017-002,
AUTHOR = {M.J. Marchywka},
TITLE = { Significant recovery in old Dachshund with taurine, copper-garlic, and rotating doses of SMVT
substrates. },
NUMBER = {MJM-2017-002},
VERSION = { 0.01 },
INSTITUTION = { not instituionalized , independent},
ADDRESS = {306 Charles Cox , Canton GA 30115},
NOTE = { May be recycled in appropriate media },
DATE = {July 31, 2018},
DAY = {01},
MONTH = {August},
YEAR = {2017},
AUTHOR1EMAIL = {marchywka@hotmail.com},
AUTHOR1ID = {orcid.org/0000-0001-9237-455X},
PAGES = { 59 },
CONTACT = {marchywka@hotmail.com}
}
i
@TECHREPORT{mmarchywka-MJM-2017-003,
AUTHOR = {M.J. Marchywka},
TITLE = { Four cases of illness among male dogs consuming landfill dirt },
NUMBER = {MJM-2017-003},
VERSION = { 0.01 },
INSTITUTION = { not instituionalized , independent},
ADDRESS = {306 Charles Cox , Canton GA 30115},
NOTE = { May be recycled in appropriate media },
DATE = {November 22, 2017},
DAY = {09},
MONTH = {November},
YEAR = {2017},
AUTHOR1EMAIL = {marchywka@hotmail.com},
AUTHOR1ID = {orcid.org/0000-0001-9237-455X},
PAGES = { 7 },
CONTACT = {marchywka@hotmail.com}
}

@TECHREPORT{mmarchywka-MJM-2017-004,
AUTHOR = {M.J. Marchywka},
TITLE = { List of Recipes Used in Related Works },
NUMBER = {MJM-2017-004},
VERSION = { 0.01 },
INSTITUTION = { not instituionalized , independent},
ADDRESS = {306 Charles Cox , Canton GA 30115},
NOTE = { May be recycled in appropriate media },
DATE = {December 6, 2017},
DAY = {06},
MONTH = {December},
YEAR = {2017},
AUTHOR1EMAIL = {marchywka@hotmail.com},
AUTHOR1ID = {orcid.org/0000-0001-9237-455X},
PAGES = { 5 },
CONTACT = {marchywka@hotmail.com}
}


@TECHREPORT{mmarchywka-MJM-2017-005,
AUTHOR = {M.J. Marchywka},
TITLE = { Greta Issues },
NUMBER = {MJM-2017-005},
VERSION = { 0.01 },
INSTITUTION = { not instituionalized , independent},
ADDRESS = {306 Charles Cox , Canton GA 30115},
NOTE = { May be recycled in appropriate media },
DATE = {January 4, 2018},
DAY = {14},
MONTH = {December},
YEAR = {2017},
AUTHOR1EMAIL = {marchywka@hotmail.com},
AUTHOR1ID = {orcid.org/0000-0001-9237-455X},
PAGES = { 18 },
CONTACT = {marchywka@hotmail.com}
}


@TECHREPORT{mmarchywka-MJM-2018-001,
AUTHOR = {M.J. Marchywka},
TITLE = { Exploratory Investigation into Soil Microbes and Illnessess in Dogs. },
NUMBER = {MJM-2018-001},
VERSION = { 0.01 },
INSTITUTION = { not instituionalized , independent},
ADDRESS = {306 Charles Cox , Canton GA 30115},
NOTE = { May be recycled in appropriate media },
DATE = {April 24, 2018},
DAY = {121},
MONTH = {January},
YEAR = {2018},
AUTHOR1EMAIL = {marchywka@hotmail.com},
AUTHOR1ID = {orcid.org/0000-0001-9237-455X},
PAGES = { 40 },
CONTACT = {marchywka@hotmail.com}
}

@TECHREPORT{mmarchywka-MJM-2018-002,
AUTHOR = {M.J. Marchywka},
TITLE = { Exact String Matching for 16S Read Characterisation },
NUMBER = {MJM-2018-002},
VERSION = { 0.00 },
INSTITUTION = { not instituionalized , independent},
ADDRESS = {306 Charles Cox , Canton GA 30115},
NOTE = { May be recycled in appropriate media },
DATE = {August 3, 2018},
DAY = {29},
MONTH = {April},
YEAR = {2018},
AUTHOR1EMAIL = {marchywka@hotmail.com},
AUTHOR1ID = {orcid.org/0000-0001-9237-455X},
PAGES = { 43 },
CONTACT = {marchywka@hotmail.com}
}



@TECHREPORT{mmarchywka-MJM-2018-003,
AUTHOR = {M.J. Marchywka},
TITLE = { Some statistics for exact string matches between random sequences of cardinality 4 },
NUMBER = {MJM-2018-003},
VERSION = { 0.00 },
INSTITUTION = { not instituionalized , independent},
ADDRESS = {306 Charles Cox , Canton GA 30115},
NOTE = { May be recycled in appropriate media },
DATE = {July 31, 2018},
DAY = {08},
MONTH = {June},
YEAR = {2018},
AUTHOR1EMAIL = {marchywka@hotmail.com},
AUTHOR1ID = {orcid.org/0000-0001-9237-455X},
PAGES = { 34 },
CONTACT = {marchywka@hotmail.com}
}

@TECHREPORT{mmarchywka-MJM-2018-004,
AUTHOR = {M.J. Marchywka},
TITLE = { Old age disorders of dog and human unified by collagen defects },
NUMBER = {MJM-2018-004},
VERSION = { 0.00 },
INSTITUTION = { not instituionalized , independent},
ADDRESS = {306 Charles Cox , Canton GA 30115},
NOTE = { May be recycled in appropriate media },
DATE = {August 24, 2018},
DAY = {08},
MONTH = {June},
YEAR = {2018},
AUTHOR1EMAIL = {marchywka@hotmail.com},
AUTHOR1ID = {orcid.org/0000-0001-9237-455X},
PAGES = { 10 },
CONTACT = {marchywka@hotmail.com}
}
@TECHREPORT{mmarchywka-MJM-2018-005,
AUTHOR = {M.J. Marchywka},
TITLE = { Mike Marchywka publications directory },
NUMBER = {MJM-2018-005},
VERSION = { 0.00 },
INSTITUTION = { not instituionalized , independent},
ADDRESS = {306 Charles Cox , Canton GA 30115},
NOTE = { May be recycled in appropriate media },
DATE = {October 7, 2018},
DAY = {24},
MONTH = {August},
YEAR = {2018},
AUTHOR1EMAIL = {marchywka@hotmail.com},
AUTHOR1ID = {orcid.org/0000-0001-9237-455X},
PAGES = { 5 },
CONTACT = {marchywka@hotmail.com},
FILENAME = {mjm_bio}
}


@TECHREPORT{mmarchywka-MJM-2018-006,
AUTHOR = {M.J. Marchywka},
TITLE = { Diseases in 3 dogs and relationship to soil },
NUMBER = {MJM-2018-006},
VERSION = { 0.00 },
INSTITUTION = { not instituionalized , independent},
ADDRESS = {306 Charles Cox , Canton GA 30115},
NOTE = { May be recycled in appropriate media },
DATE = {August 24, 2018},
DAY = {24},
MONTH = {August},
YEAR = {2018},
AUTHOR1EMAIL = {marchywka@hotmail.com},
AUTHOR1ID = {orcid.org/0000-0001-9237-455X},
PAGES = { 4 },
CONTACT = {marchywka@hotmail.com},
FILENAME = {microbepub}
}
@TECHREPORT{mmarchywka-MJM-2018-007,
AUTHOR = {M.J. Marchywka},
TITLE = { Mom },
NUMBER = {MJM-2018-007},
VERSION = { 0.00 },
INSTITUTION = { not instituionalized , independent},
ADDRESS = {306 Charles Cox , Canton GA 30115},
NOTE = { May be recycled in appropriate media },
DATE = {October 7, 2018},
DAY = {07},
MONTH = {October},
YEAR = {2018},
AUTHOR1EMAIL = {marchywka@hotmail.com},
AUTHOR1ID = {orcid.org/0000-0001-9237-455X},
PAGES = { 7 },
CONTACT = {marchywka@hotmail.com},
FILENAME = {mom}
}

@TECHREPORT{mmarchywka-MJM-2018-008,
AUTHOR = {M.J. Marchywka},
TITLE = { Notebook2 },
NUMBER = {MJM-2018-008},
VERSION = { 0.00 },
INSTITUTION = { not instituionalized , independent},
ADDRESS = {306 Charles Cox , Canton GA 30115},
NOTE = { May be recycled in appropriate media },
DATE = {October 28, 2018},
DAY = {28},
MONTH = {October},
YEAR = {2018},
AUTHOR1EMAIL = {marchywka@hotmail.com},
AUTHOR1ID = {orcid.org/0000-0001-9237-455X},
PAGES = { 7 },
CONTACT = {marchywka@hotmail.com},
FILENAME = {notebook2}
}


@TECHREPORT{mmarchywka-MJM-2018-009,
AUTHOR = {M.J. Marchywka},
TITLE = { A Paradigm for feeding Starved, Old, or Otherwise Imbalanced Dogs },

NUMBER = {MJM-2018-009},
VERSION = { 0.00 },
INSTITUTION = { not institutionalized , independent},
ADDRESS = {306 Charles Cox , Canton GA 30115},
NOTE = { May be recycled in appropriate media },
DATE = {December 12, 2018},
DAY = {12},
MONTH = {December},
YEAR = {2018},
AUTHOR1EMAIL = {marchywka@hotmail.com},
AUTHOR1ID = {orcid.org/0000-0001-9237-455X},
PAGES = { 7 },
CONTACT = {marchywka@hotmail.com},
FILENAME = {feedingold}
}


@TECHREPORT{mmarchywka-MJM-2018-010,
AUTHOR = {M.J. Marchywka},
TITLE = { Electrotericin and Bipolar Particulates in Electrified Water },

NUMBER = {MJM-2018-010},
VERSION = { 0.00 },
INSTITUTION = { not institutionalized , independent},
ADDRESS = {306 Charles Cox , Canton GA 30115},
NOTE = { May be recycled in appropriate media },
DATE = {December 17, 2018},
DAY = {17},
MONTH = {December},
YEAR = {2018},
AUTHOR1EMAIL = {marchywka@hotmail.com},
AUTHOR1ID = {orcid.org/0000-0001-9237-455X},
PAGES = { 7 },
CONTACT = {marchywka@hotmail.com},
FILENAME = {electrowater}
}


@TECHREPORT{mmarchywka-MJM-2019-001,
AUTHOR = {M.J. Marchywka},
TITLE = { Canine Heartworm Treated with Doxycycline, Ivermectin and Various Supplements },
NUMBER = {MJM-2019-001},
VERSION = { 0.00 },
INSTITUTION = { not institutionalized , independent},
ADDRESS = {306 Charles Cox , Canton GA 30115},
NOTE = { May be recycled in appropriate media },
DATE = {February 05 2019},
DAY = {05},
MONTH = {February},
YEAR = {2019},
AUTHOR1EMAIL = {marchywka@hotmail.com},
AUTHOR1ID = {orcid.org/0000-0001-9237-455X},
PAGES = { 0 },
CONTACT = {marchywka@hotmail.com},
FILENAME = {happyheart}
}

@TECHREPORT{mmarchywka-MJM-2019-002,
AUTHOR = {M.J. Marchywka},
TITLE = { Apparent benefit from Zinc in Canine CHF },
NUMBER = {MJM-2019-002},
VERSION = { 0.00 },
INSTITUTION = { not institutionalized , independent},
ADDRESS = {306 Charles Cox , Canton GA 30115},
NOTE = { May be recycled in appropriate media },
DATE = {August 04 2019},
DAY = {04},
MONTH = {August},
YEAR = {2019},
AUTHOR1EMAIL = {marchywka@hotmail.com},
AUTHOR1ID = {orcid.org/0000-0001-9237-455X},
PAGES = { 0 },
CONTACT = {marchywka@hotmail.com},
FILENAME = {hershey}
}

@TECHREPORT{mmarchywka-MJM-2019-003,
AUTHOR = {M.J. Marchywka},
TITLE = { Adding Citation Features to Shares for e-Commerce, News, and other Non-academic Sites },
NUMBER = {MJM-2019-003},
VERSION = { 0.00 },
INSTITUTION = { not institutionalized , independent},
ADDRESS = {306 Charles Cox , Canton GA 30115},
NOTE = { version 0.00 likely to change significantly },
DATE = {October 08 2019},
DAY = {08},
MONTH = {October},
YEAR = {2019},
AUTHOR1EMAIL = {marchywka@hotmail.com},
AUTHOR1ID = {orcid.org/0000-0001-9237-455X},
PAGES = { 0 },
CONTACT = {marchywka@hotmail.com},
FILENAME = {allbib}
}

@TECHREPORT{mmarchywka-MJM-2019-004,
AUTHOR = {M.J. Marchywka},
TITLE = { Less Trendy Properties of Common Molecules },
NUMBER = {MJM-2019-004},
VERSION = { 0.00 },
INSTITUTION = { not institutionalized , independent},
ADDRESS = {306 Charles Cox , Canton GA 30115},
NOTE = { May be recycled in appropriate media },
DATE = {October 12 2019},
DAY = {12},
MONTH = {October},
YEAR = {2019},
AUTHOR1EMAIL = {marchywka@hotmail.com},
AUTHOR1ID = {orcid.org/0000-0001-9237-455X},
PAGES = { 0 },
CONTACT = {marchywka@hotmail.com},
FILENAME = {vitaprop}
}

@TECHREPORT{mmarchywka-MJM-2019-005,
AUTHOR = {M.J. Marchywka},
TITLE = { in preparation,  Old Age as Starvation },
NUMBER = {MJM-2019-005},
VERSION = { 0.00 },
INSTITUTION = { not institutionalized , independent},
ADDRESS = {306 Charles Cox , Canton GA 30115},
NOTE = { May be recycled in appropriate media },
DATE = {November 05 2019},
DAY = {05},
MONTH = {November},
YEAR = {2019},
AUTHOR1EMAIL = {marchywka@hotmail.com},
AUTHOR1ID = {orcid.org/0000-0001-9237-455X},
PAGES = { 0 },
CONTACT = {marchywka@hotmail.com},
FILENAME = {oldstarve}
}

@TECHREPORT{mmarchywka-MJM-2020-001,
AUTHOR = {M.J. Marchywka},
TITLE = { Fitting Magnetic Measurements to Sources },
NUMBER = {MJM-2020-001},
VERSION = { 0.00 },
INSTITUTION = { not institutionalized , independent},
ADDRESS = {306 Charles Cox , Canton GA 30115},
NOTE = { May be recycled in appropriate media },
DATE = {March 07 2020},
DAY = {07},
MONTH = {March},
YEAR = {2020},
AUTHOR1EMAIL = {marchywka@hotmail.com},
AUTHOR1ID = {orcid.org/0000-0001-9237-455X},
PAGES = { 0 },
CONTACT = {marchywka@hotmail.com},
FILENAME = {geomag}
}

@TECHREPORT{mmarchywka-MJM-2020-002,
AUTHOR = {M.J. Marchywka},
TITLE = { On the age distribution of SARS-Cov-2 Patients },
NUMBER = {MJM-2020-002},
VERSION = { 0.00 },
INSTITUTION = { not institutionalized , independent},
ADDRESS = {306 Charles Cox , Canton GA 30115},
NOTE = { May be recycled in appropriate media },
DATE = {May 11 2020},
DAY = {11},
MONTH = {May},
YEAR = {2020},
AUTHOR1EMAIL = {marchywka@hotmail.com},
AUTHOR1ID = {orcid.org/0000-0001-9237-455X},
PAGES = { 0 },
CONTACT = {marchywka@hotmail.com},
FILENAME = {covid19}
}

@TECHREPORT{mmarchywka-MJM-2020-003,
AUTHOR = {M.J. Marchywka},
TITLE = { An AdHoc Data Collection Outline Based on Tex or Txt },
NUMBER = {MJM-2020-003},
VERSION = { 0.00 },
INSTITUTION = { not institutionalized , independent},
ADDRESS = {306 Charles Cox , Canton GA 30115},
NOTE = { May be recycled in appropriate media },
DATE = {May 23 2020},
DAY = {23},
MONTH = {May},
YEAR = {2020},
AUTHOR1EMAIL = {marchywka@hotmail.com},
AUTHOR1ID = {orcid.org/0000-0001-9237-455X},
PAGES = { 0 },
CONTACT = {marchywka@hotmail.com},
FILENAME = {dacotex}
}

@TECHREPORT{mmarchywka-MJM-2020-004,
AUTHOR = {M.J. Marchywka},
TITLE = { MUQED: a Multi-Use Quantitative Event Diary   For Dog Diet Analysis },
NUMBER = {MJM-2020-004},
VERSION = { 0.00 },
INSTITUTION = { not institutionalized , independent},
ADDRESS = {306 Charles Cox , Canton GA 30115},
NOTE = { May be recycled in appropriate media },
DATE = {September 20 2020},
DAY = {20},
MONTH = {September},
YEAR = {2020},
AUTHOR1EMAIL = {marchywka@hotmail.com},
AUTHOR1ID = {orcid.org/0000-0001-9237-455X},
PAGES = { 0 },
CONTACT = {marchywka@hotmail.com},
FILENAME = {muqed}
}

@TECHREPORT{mmarchywka-MJM-2020-005,
AUTHOR = {M.J. Marchywka},
TITLE = {  Canine Heartworm and Vitamin K  },
NUMBER = {MJM-2020-005},
VERSION = { 0.00 },
INSTITUTION = { not institutionalized , independent},
ADDRESS = {306 Charles Cox , Canton GA 30115},
NOTE = { May be recycled in appropriate media },
DATE = {November 09 2020},
DAY = {09},
MONTH = {November},
YEAR = {2020},
AUTHOR1EMAIL = {marchywka@hotmail.com},
AUTHOR1ID = {orcid.org/0000-0001-9237-455X},
PAGES = { 0 },
CONTACT = {marchywka@hotmail.com},
FILENAME = {wormk}
}

@TECHREPORT{mmarchywka-MJM-2020-006,
AUTHOR = {M.J. Marchywka},
TITLE = { A Possible Case of Thyroid Contributing to Fluid Accumulation in Heart Failure },
NUMBER = {MJM-2020-006},
VERSION = { 0.00 },
INSTITUTION = { not institutionalized , independent},
ADDRESS = {306 Charles Cox , Canton GA 30115},
NOTE = { May be recycled in appropriate media },
DATE = {November 30 2020},
DAY = {30},
MONTH = {November},
YEAR = {2020},
AUTHOR1EMAIL = {marchywka@hotmail.com},
AUTHOR1ID = {orcid.org/0000-0001-9237-455X},
PAGES = { 0 },
CONTACT = {marchywka@hotmail.com},
FILENAME = {andy}
}

@TECHREPORT{mmarchywka-MJM-2020-007,
AUTHOR = {M.J. Marchywka},
TITLE = { Spicey possibly starting to retain fluid like Andy },
NUMBER = {MJM-2020-007},
VERSION = { 0.00 },
INSTITUTION = { not institutionalized , independent},
ADDRESS = {306 Charles Cox , Canton GA 30115},
NOTE = { May be recycled in appropriate media },
DATE = {December 29 2020},
DAY = {29},
MONTH = {December},
YEAR = {2020},
AUTHOR1EMAIL = {marchywka@hotmail.com},
AUTHOR1ID = {orcid.org/0000-0001-9237-455X},
PAGES = { 0 },
CONTACT = {marchywka@hotmail.com},
FILENAME = {spicey}
}

@TECHREPORT{mmarchywka-MJM-2021-001,
AUTHOR = {M.J. Marchywka},
TITLE = { Paradoxes and Paradigms: Considering Clotting },
NUMBER = {MJM-2021-001},
VERSION = { 0.00 },
INSTITUTION = { not institutionalized , independent},
ADDRESS = {306 Charles Cox , Canton GA 30115},
NOTE = { May be recycled in appropriate media },
DATE = {January 29 2021},
DAY = {29},
MONTH = {January},
YEAR = {2021},
AUTHOR1EMAIL = {marchywka@hotmail.com},
AUTHOR1ID = {orcid.org/0000-0001-9237-455X},
PAGES = { 0 },
CONTACT = {marchywka@hotmail.com},
FILENAME = {paradox}
}

@TECHREPORT{mmarchywka-MJM-2021-002,
AUTHOR = {M.J. Marchywka},
TITLE = { Impromptu Bibtex Find and Merge Tool },
NUMBER = {MJM-2021-002},
VERSION = { 0.00 },
INSTITUTION = { not institutionalized , independent},
ADDRESS = {306 Charles Cox , Canton GA 30115},
NOTE = { May be recycled in appropriate media },
DATE = {January 31 2021},
DAY = {31},
MONTH = {January},
YEAR = {2021},
AUTHOR1EMAIL = {marchywka@hotmail.com},
AUTHOR1ID = {orcid.org/0000-0001-9237-455X},
PAGES = { 0 },
CONTACT = {marchywka@hotmail.com},
FILENAME = {toobib}
}

@TECHREPORT{mmarchywka-MJM-2021-003,
AUTHOR = {M.J. Marchywka},
TITLE = { Supplement Usage  Including Vitamin K by  a Heartworm Positive Pregnant Pit Bull and Her Puppies },
NUMBER = {MJM-2021-003},
VERSION = { 0.00 },
INSTITUTION = { not institutionalized , independent},
ADDRESS = {306 Charles Cox , Canton GA 30115},
NOTE = { May be recycled in appropriate media },
DATE = {May 06 2021},
DAY = {06},
MONTH = {May},
YEAR = {2021},
AUTHOR1EMAIL = {marchywka@hotmail.com},
AUTHOR1ID = {orcid.org/0000-0001-9237-455X},
PAGES = { 0 },
CONTACT = {marchywka@hotmail.com},
FILENAME = {brownie}
}

@TECHREPORT{mmarchywka-MJM-2021-004,
AUTHOR = {M.J. Marchywka},
TITLE = {  A Proposed Qualitative Non-monotonic Paradox Resolving Actvitiy-Coagulability Curve for Vitamin K },
NUMBER = {MJM-2021-004},
VERSION = { 0.00 },
INSTITUTION = { not institutionalized , independent},
ADDRESS = {306 Charles Cox , Canton GA 30115},
NOTE = { May be recycled in appropriate media },
DATE = {May 30 2021},
DAY = {30},
MONTH = {May},
YEAR = {2021},
AUTHOR1EMAIL = {marchywka@hotmail.com},
AUTHOR1ID = {orcid.org/0000-0001-9237-455X},
PAGES = { 0 },
CONTACT = {marchywka@hotmail.com},
FILENAME = {vkcurve}
}

@TECHREPORT{mmarchywka-MJM-2021-005,
AUTHOR = {M.J. Marchywka},
TITLE = { VKOR Cycling Partners },
NUMBER = {MJM-2021-005},
VERSION = { 0.00 },
INSTITUTION = { not institutionalized , independent},
ADDRESS = {306 Charles Cox , Canton GA 30115},
NOTE = { May be recycled in appropriate media },
DATE = {June 13 2021},
DAY = {13},
MONTH = {June},
YEAR = {2021},
AUTHOR1EMAIL = {marchywka@hotmail.com},
AUTHOR1ID = {orcid.org/0000-0001-9237-455X},
PAGES = { 0 },
CONTACT = {marchywka@hotmail.com},
FILENAME = {vkcovid}
}

@TECHREPORT{mmarchywka-MJM-2021-006,
AUTHOR = {M.J. Marchywka},
TITLE = { Considering Alternative Fibrinogen Fates in Diseased States },
NUMBER = {MJM-2021-006},
VERSION = { 0.00 },
INSTITUTION = { not institutionalized , independent},
ADDRESS = {306 Charles Cox , Canton GA 30115},
NOTE = { May be recycled in appropriate media },
DATE = {July 17 2021},
DAY = {17},
MONTH = {July},
YEAR = {2021},
AUTHOR1EMAIL = {marchywka@hotmail.com},
AUTHOR1ID = {orcid.org/0000-0001-9237-455X},
PAGES = { 0 },
CONTACT = {marchywka@hotmail.com},
FILENAME = {fgnrates}
}

@TECHREPORT{mmarchywka-MJM-2021-007,
AUTHOR = {M.J. Marchywka},
TITLE = { An Update: On the age distribution of SARS-Cov-2 Patients  },
NUMBER = {MJM-2021-007},
VERSION = { 0.00 },
INSTITUTION = { not institutionalized , independent},
ADDRESS = {306 Charles Cox , Canton GA 30115},
NOTE = { May be recycled in appropriate media },
DATE = {July 21 2021},
DAY = {21},
MONTH = {July},
YEAR = {2021},
AUTHOR1EMAIL = {marchywka@hotmail.com},
AUTHOR1ID = {orcid.org/0000-0001-9237-455X},
PAGES = { 0 },
CONTACT = {marchywka@hotmail.com},
FILENAME = {covidup}
}

@TECHREPORT{mmarchywka-MJM-2021-008,
AUTHOR = {M.J. Marchywka},
TITLE = { Supplement History for a Senior Lab Using MUQED },
NUMBER = {MJM-2021-008},
VERSION = { 0.00 },
INSTITUTION = { not institutionalized , independent},
ADDRESS = {306 Charles Cox , Canton GA 30115},
NOTE = { May be recycled in appropriate media },
DATE = {October 25 2021},
DAY = {25},
MONTH = {October},
YEAR = {2021},
AUTHOR1EMAIL = {marchywka@hotmail.com},
AUTHOR1ID = {orcid.org/0000-0001-9237-455X},
PAGES = { 0 },
CONTACT = {marchywka@hotmail.com},
FILENAME = {greta}
}

@TECHREPORT{mmarchywka-MJM-2021-009,
AUTHOR = {M.J. Marchywka},
TITLE = { A 16S rRNA Analysis of 3 Canine Fecal Samples and Their Play-Area Soil },
NUMBER = {MJM-2021-009},
VERSION = { 0.00 },
INSTITUTION = { not institutionalized , independent},
ADDRESS = {306 Charles Cox , Canton GA 30115},
NOTE = { May be recycled in appropriate media },
DATE = {October 30 2021},
DAY = {30},
MONTH = {October},
YEAR = {2021},
AUTHOR1EMAIL = {marchywka@hotmail.com},
AUTHOR1ID = {orcid.org/0000-0001-9237-455X},
PAGES = { 0 },
CONTACT = {marchywka@hotmail.com},
FILENAME = {rRNA1}
}

@TECHREPORT{mmarchywka-MJM-2021-010,
AUTHOR = {M.J. Marchywka},
TITLE = { 16S rRNA Analysis of 3 Canine Fecal Samples and the Dogs' Play-Area Soil },
NUMBER = {MJM-2021-010},
VERSION = { 0.00 },
INSTITUTION = { not institutionalized , independent},
ADDRESS = {306 Charles Cox , Canton GA 30115},
NOTE = { May be recycled in appropriate media },
DATE = {October 30 2021},
DAY = {30},
MONTH = {October},
YEAR = {2021},
AUTHOR1EMAIL = {marchywka@hotmail.com},
AUTHOR1ID = {orcid.org/0000-0001-9237-455X},
PAGES = { 0 },
CONTACT = {marchywka@hotmail.com},
FILENAME = {rRNApoop}
}

@TECHREPORT{mmarchywka-MJM-2021-011,
AUTHOR = {M.J. Marchywka},
TITLE = { From Paradox to Pardigm: Is Quantity a Common Compensatory Strategy when Quality Degrades in Biological Systems? },
NUMBER = {MJM-2021-011},
VERSION = { 0.00 },
INSTITUTION = { not institutionalized , independent},
ADDRESS = {306 Charles Cox , Canton GA 30115},
NOTE = { May be recycled in appropriate media },
DATE = {October 31 2021},
DAY = {31},
MONTH = {October},
YEAR = {2021},
AUTHOR1EMAIL = {marchywka@hotmail.com},
AUTHOR1ID = {orcid.org/0000-0001-9237-455X},
PAGES = { 0 },
CONTACT = {marchywka@hotmail.com},
FILENAME = {qvsq}
}

@TECHREPORT{mmarchywka-MJM-2021-012,
AUTHOR = {M.J. Marchywka},
TITLE = { Food Ideas for Old People Based on Recent Literature },
NUMBER = {MJM-2021-012},
VERSION = { 0.00 },
INSTITUTION = { not institutionalized , independent},
ADDRESS = {306 Charles Cox , Canton GA 30115},
NOTE = { May be recycled in appropriate media },
DATE = {November 13 2021},
DAY = {13},
MONTH = {November},
YEAR = {2021},
AUTHOR1EMAIL = {marchywka@hotmail.com},
AUTHOR1ID = {orcid.org/0000-0001-9237-455X},
PAGES = { 0 },
CONTACT = {marchywka@hotmail.com},
FILENAME = {oldvit}
}

@TECHREPORT{mmarchywka-MJM-2021-013,
AUTHOR = {M.J. Marchywka},
TITLE = { trppath Wetting Tryptophan With Calcium Pantothenate  },
NUMBER = {MJM-2021-013},
VERSION = { 0.00 },
INSTITUTION = { not institutionalized , independent},
ADDRESS = {306 Charles Cox , Canton GA 30115},
NOTE = { May be recycled in appropriate media },
DATE = {November 30 2021},
DAY = {30},
MONTH = {November},
YEAR = {2021},
AUTHOR1EMAIL = {marchywka@hotmail.com},
AUTHOR1ID = {orcid.org/0000-0001-9237-455X},
PAGES = { 0 },
CONTACT = {marchywka@hotmail.com},
FILENAME = {newproj}
}

@TECHREPORT{mmarchywka-MJM-2021-014,
AUTHOR = {M.J. Marchywka},
TITLE = { Wetting Tryptophan With Calcium Pantothenate  },
NUMBER = {MJM-2021-014},
VERSION = { 0.00 },
INSTITUTION = { not institutionalized , independent},
ADDRESS = {306 Charles Cox , Canton GA 30115},
NOTE = { May be recycled in appropriate media },
DATE = {November 30 2021},
DAY = {30},
MONTH = {November},
YEAR = {2021},
AUTHOR1EMAIL = {marchywka@hotmail.com},
AUTHOR1ID = {orcid.org/0000-0001-9237-455X},
PAGES = { 0 },
CONTACT = {marchywka@hotmail.com},
FILENAME = {trppath}
}

@TECHREPORT{mmarchywka-MJM-2021-015,
AUTHOR = {M.J. Marchywka},
TITLE = { The Paradox Paradigm: When Are Amino Acid Supplements Beneficial? },
NUMBER = {MJM-2021-015},
VERSION = { 0.00 },
INSTITUTION = { not institutionalized , independent},
ADDRESS = {306 Charles Cox , Canton GA 30115},
NOTE = { May be recycled in appropriate media },
DATE = {December 20 2021},
DAY = {20},
MONTH = {December},
YEAR = {2021},
AUTHOR1EMAIL = {marchywka@hotmail.com},
AUTHOR1ID = {orcid.org/0000-0001-9237-455X},
PAGES = { 0 },
CONTACT = {marchywka@hotmail.com},
FILENAME = {aapp}
}

@TECHREPORT{mmarchywka-MJM-2021-016,
AUTHOR = {M.J. Marchywka},
TITLE = { Miscellaneous Photos That May Be Interesting for Sera },
NUMBER = {MJM-2021-016},
VERSION = { 0.00 },
INSTITUTION = { not institutionalized , independent},
ADDRESS = {306 Charles Cox , Canton GA 30115},
NOTE = { May be recycled in appropriate media },
DATE = {December 23 2021},
DAY = {23},
MONTH = {December},
YEAR = {2021},
AUTHOR1EMAIL = {marchywka@hotmail.com},
AUTHOR1ID = {orcid.org/0000-0001-9237-455X},
PAGES = { 0 },
CONTACT = {marchywka@hotmail.com},
FILENAME = {serasnacks}
}

@TECHREPORT{mmarchywka-MJM-2021-017,
AUTHOR = {M.J. Marchywka},
TITLE = { My Baseline Vitamin Ideas for Older People },
NUMBER = {MJM-2021-017},
VERSION = { 0.00 },
INSTITUTION = { not institutionalized , independent},
ADDRESS = {306 Charles Cox , Canton GA 30115},
NOTE = { May be recycled in appropriate media },
DATE = {December 24 2021},
DAY = {24},
MONTH = {December},
YEAR = {2021},
AUTHOR1EMAIL = {marchywka@hotmail.com},
AUTHOR1ID = {orcid.org/0000-0001-9237-455X},
PAGES = { 0 },
CONTACT = {marchywka@hotmail.com},
FILENAME = {vitamom}
}

@TECHREPORT{mmarchywka-MJM-2021-018,
AUTHOR = {M.J. Marchywka},
TITLE = { A Family of Science Based Kitchen Snacks for Dogs },
NUMBER = {MJM-2021-018},
VERSION = { 0.00 },
INSTITUTION = { not institutionalized , independent},
ADDRESS = {306 Charles Cox , Canton GA 30115},
NOTE = { May be recycled in appropriate media },
DATE = {December 24 2021},
DAY = {24},
MONTH = {December},
YEAR = {2021},
AUTHOR1EMAIL = {marchywka@hotmail.com},
AUTHOR1ID = {orcid.org/0000-0001-9237-455X},
PAGES = { 0 },
CONTACT = {marchywka@hotmail.com},
FILENAME = {dogsnacks}
}

@TECHREPORT{mmarchywka-MJM-2022-001,
AUTHOR = {M.J. Marchywka},
TITLE = { Missing the B0AT : Vague Symptoms in Aging and SARS-CoV2 },
NUMBER = {MJM-2022-001},
VERSION = { 0.00 },
INSTITUTION = { not institutionalized , independent},
ADDRESS = {306 Charles Cox , Canton GA 30115},
NOTE = { May be recycled in appropriate media },
DATE = {January 01 2022},
DAY = {01},
MONTH = {January},
YEAR = {2022},
AUTHOR1EMAIL = {marchywka@hotmail.com},
AUTHOR1ID = {orcid.org/0000-0001-9237-455X},
PAGES = { 0 },
CONTACT = {marchywka@hotmail.com},
FILENAME = {hartnup}
}

@TECHREPORT{mmarchywka-MJM-2022-002,
AUTHOR = {M.J. Marchywka},
TITLE = { No improvement in cataracts with diet },
NUMBER = {MJM-2022-002},
VERSION = { 0.00 },
INSTITUTION = { not institutionalized , independent},
ADDRESS = {306 Charles Cox , Canton GA 30115},
NOTE = { May be recycled in appropriate media },
DATE = {January 03 2022},
DAY = {03},
MONTH = {January},
YEAR = {2022},
AUTHOR1EMAIL = {marchywka@hotmail.com},
AUTHOR1ID = {orcid.org/0000-0001-9237-455X},
PAGES = { 0 },
CONTACT = {marchywka@hotmail.com},
FILENAME = {sera}
}

@TECHREPORT{mmarchywka-MJM-2022-003,
AUTHOR = {M.J. Marchywka},
TITLE = { Possible Pleiotopy with Vitamin B-12 },
NUMBER = {MJM-2022-003},
VERSION = { 0.00 },
INSTITUTION = { not institutionalized , independent},
ADDRESS = {306 Charles Cox , Canton GA 30115},
NOTE = { May be recycled in appropriate media },
DATE = {January 10 2022},
DAY = {10},
MONTH = {January},
YEAR = {2022},
AUTHOR1EMAIL = {marchywka@hotmail.com},
AUTHOR1ID = {orcid.org/0000-0001-9237-455X},
PAGES = { 0 },
CONTACT = {marchywka@hotmail.com},
FILENAME = {beauty}
}

@TECHREPORT{mmarchywka-MJM-2022-004,
AUTHOR = {M.J. Marchywka},
TITLE = { A Copper PAradox : Living in a Materials World },
NUMBER = {MJM-2022-004},
VERSION = { 0.00 },
INSTITUTION = { not institutionalized , independent},
ADDRESS = {306 Charles Cox , Canton GA 30115},
NOTE = { May be recycled in appropriate media },
DATE = {January 16 2022},
DAY = {16},
MONTH = {January},
YEAR = {2022},
AUTHOR1EMAIL = {marchywka@hotmail.com},
AUTHOR1ID = {orcid.org/0000-0001-9237-455X},
PAGES = { 0 },
CONTACT = {marchywka@hotmail.com},
FILENAME = {cuparadox}
}

@TECHREPORT{mmarchywka-MJM-2022-005,
AUTHOR = {M.J. Marchywka},
TITLE = { Some Paradox Paradigms in the Medical Literature },
NUMBER = {MJM-2022-005},
VERSION = { 0.00 },
INSTITUTION = { not institutionalized , independent},
ADDRESS = {306 Charles Cox , Canton GA 30115},
NOTE = { May be recycled in appropriate media },
DATE = {January 20 2022},
DAY = {20},
MONTH = {January},
YEAR = {2022},
AUTHOR1EMAIL = {marchywka@hotmail.com},
AUTHOR1ID = {orcid.org/0000-0001-9237-455X},
PAGES = { 0 },
CONTACT = {marchywka@hotmail.com},
FILENAME = {parapara}
}

@TECHREPORT{mmarchywka-MJM-2022-006,
AUTHOR = {M.J. Marchywka},
TITLE = { Current Topics for Nancy Marchywka Treatment },
NUMBER = {MJM-2022-006},
VERSION = { 0.00 },
INSTITUTION = { not institutionalized , independent},
ADDRESS = {306 Charles Cox , Canton GA 30115},
NOTE = { May be recycled in appropriate media },
DATE = {February 02 2022},
DAY = {02},
MONTH = {February},
YEAR = {2022},
AUTHOR1EMAIL = {marchywka@hotmail.com},
AUTHOR1ID = {orcid.org/0000-0001-9237-455X},
PAGES = { 0 },
CONTACT = {marchywka@hotmail.com},
FILENAME = {momlet}
}

@TECHREPORT{mmarchywka-MJM-2022-007,
AUTHOR = {M.J. Marchywka},
TITLE = { Vitamin ideas  },
NUMBER = {MJM-2022-007},
VERSION = { 0.00 },
INSTITUTION = { not institutionalized , independent},
ADDRESS = {306 Charles Cox , Canton GA 30115},
NOTE = { May be recycled in appropriate media },
DATE = {February 12 2022},
DAY = {12},
MONTH = {February},
YEAR = {2022},
AUTHOR1EMAIL = {marchywka@hotmail.com},
AUTHOR1ID = {orcid.org/0000-0001-9237-455X},
PAGES = { 0 },
CONTACT = {marchywka@hotmail.com},
FILENAME = {oldrec}
}

@TECHREPORT{mmarchywka-MJM-2022-008,
AUTHOR = {M.J. Marchywka},
TITLE = { On the Origin of Non-monotonic Curves and Favored Paradigms in the Struggle for Life },
NUMBER = {MJM-2022-008},
VERSION = { 0.00 },
INSTITUTION = { not institutionalized , independent},
ADDRESS = {306 Charles Cox , Canton GA 30115},
NOTE = { May be recycled in appropriate media },
DATE = {February 19 2022},
DAY = {19},
MONTH = {February},
YEAR = {2022},
AUTHOR1EMAIL = {marchywka@hotmail.com},
AUTHOR1ID = {orcid.org/0000-0001-9237-455X},
PAGES = { 0 },
CONTACT = {marchywka@hotmail.com},
FILENAME = {nonmono}
}

@TECHREPORT{mmarchywka-MJM-2022-009,
AUTHOR = {M.J. Marchywka},
TITLE = { Happy Again : Possible Riboflavin Deficiency  },
NUMBER = {MJM-2022-009},
VERSION = { 0.00 },
INSTITUTION = { not institutionalized , independent},
ADDRESS = {306 Charles Cox , Canton GA 30115},
NOTE = { May be recycled in appropriate media },
DATE = {March 12 2022},
DAY = {12},
MONTH = {March},
YEAR = {2022},
AUTHOR1EMAIL = {marchywka@hotmail.com},
AUTHOR1ID = {orcid.org/0000-0001-9237-455X},
PAGES = { 0 },
CONTACT = {marchywka@hotmail.com},
FILENAME = {happyagain}
}

@TECHREPORT{mmarchywka-MJM-2022-010,
AUTHOR = {M.J. Marchywka},
TITLE = { Fighting the Vit-D Axis: A Conflict Resolving Hypothesis },
NUMBER = {MJM-2022-010},
VERSION = { 0.00 },
INSTITUTION = { not institutionalized , independent},
ADDRESS = {306 Charles Cox , Canton GA 30115},
NOTE = { May be recycled in appropriate media },
DATE = {May 21 2022},
DAY = {21},
MONTH = {May},
YEAR = {2022},
AUTHOR1EMAIL = {marchywka@hotmail.com},
AUTHOR1ID = {orcid.org/0000-0001-9237-455X},
PAGES = { 0 },
CONTACT = {marchywka@hotmail.com},
FILENAME = {vd}
}

@TECHREPORT{mmarchywka-MJM-2022-011,
AUTHOR = {M.J. Marchywka},
TITLE = { Live and Let Dye: A Confounding Factor in Covid-19 Treatments? },
NUMBER = {MJM-2022-011},
VERSION = { 0.00 },
INSTITUTION = { not institutionalized , independent},
ADDRESS = {306 Charles Cox , Canton GA 30115},
NOTE = { May be recycled in appropriate media },
DATE = {July 28 2022},
DAY = {28},
MONTH = {July},
YEAR = {2022},
AUTHOR1EMAIL = {marchywka@hotmail.com},
AUTHOR1ID = {orcid.org/0000-0001-9237-455X},
PAGES = { 0 },
CONTACT = {marchywka@hotmail.com},
FILENAME = {dye}
}

@TECHREPORT{mmarchywka-MJM-2022-012,
AUTHOR = {M.J. Marchywka},
TITLE = { mom transactions },
NUMBER = {MJM-2022-012},
VERSION = { 0.00 },
INSTITUTION = { not institutionalized , independent},
ADDRESS = {306 Charles Cox , Canton GA 30115},
NOTE = { May be recycled in appropriate media },
DATE = {August 13 2022},
DAY = {13},
MONTH = {August},
YEAR = {2022},
AUTHOR1EMAIL = {marchywka@hotmail.com},
AUTHOR1ID = {orcid.org/0000-0001-9237-455X},
PAGES = { 0 },
CONTACT = {marchywka@hotmail.com},
FILENAME = {momtrans}
}

@TECHREPORT{mmarchywka-MJM-2022-013,
AUTHOR = {M.J. Marchywka},
TITLE = { Clinical and microbiological improvement in dog after benzoate containing supplement mix },
NUMBER = {MJM-2022-013},
VERSION = { 0.00 },
INSTITUTION = { not institutionalized , independent},
ADDRESS = {306 Charles Cox , Canton GA 30115},
NOTE = { May be recycled in appropriate media },
DATE = {August 21 2022},
DAY = {21},
MONTH = {August},
YEAR = {2022},
AUTHOR1EMAIL = {marchywka@hotmail.com},
AUTHOR1ID = {orcid.org/0000-0001-9237-455X},
PAGES = { 0 },
CONTACT = {marchywka@hotmail.com},
FILENAME = {sbenz}
}

@TECHREPORT{mmarchywka-MJM-2022-014,
AUTHOR = {M.J. Marchywka},
TITLE = { Conservartorship for Nancy Marchywka },
NUMBER = {MJM-2022-014},
VERSION = { 0.00 },
INSTITUTION = { not institutionalized , independent},
ADDRESS = {306 Charles Cox , Canton GA 30115},
NOTE = { May be recycled in appropriate media },
DATE = {September 21 2022},
DAY = {21},
MONTH = {September},
YEAR = {2022},
AUTHOR1EMAIL = {marchywka@hotmail.com},
AUTHOR1ID = {orcid.org/0000-0001-9237-455X},
PAGES = { 0 },
CONTACT = {marchywka@hotmail.com},
FILENAME = {conservator}
}

@TECHREPORT{mmarchywka-MJM-2022-015,
AUTHOR = {M.J. Marchywka},
TITLE = { Clot moderating properties of Viamin K Dependent Proteins },
NUMBER = {MJM-2022-015},
VERSION = { 0.00 },
INSTITUTION = { not institutionalized , independent},
ADDRESS = {44 Crosscreek Trail, Jaspet GA 30143},
NOTE = { May be recycled in appropriate media },
DATE = {November 02 2022},
DAY = {02},
MONTH = {November},
YEAR = {2022},
AUTHOR1EMAIL = {marchywka@hotmail.com},
AUTHOR1ID = {orcid.org/0000-0001-9237-455X},
PAGES = { 0 },
CONTACT = {marchywka@hotmail.com},
FILENAME = {klotz}
}

@TECHREPORT{mmarchywka-MJM-2022-016,
AUTHOR = {M.J. Marchywka},
TITLE = { Concern for inhomogeneous population averages },
NUMBER = {MJM-2022-016},
VERSION = { 0.00 },
INSTITUTION = { not institutionalized , independent},
ADDRESS = {44 Crosscreek Trail, Jaspet GA 30143},
NOTE = { May be recycled in appropriate media },
DATE = {December 14 2022},
DAY = {14},
MONTH = {December},
YEAR = {2022},
AUTHOR1EMAIL = {marchywka@hotmail.com},
AUTHOR1ID = {orcid.org/0000-0001-9237-455X},
PAGES = { 0 },
CONTACT = {marchywka@hotmail.com},
FILENAME = {vaxacc}
}

@TECHREPORT{mmarchywka-MJM-2022-017,
AUTHOR = {M.J. Marchywka},
TITLE = { Value Development Projects },
NUMBER = {MJM-2022-017},
VERSION = { 0.00 },
INSTITUTION = { not institutionalized , independent},
ADDRESS = {44 Crosscreek Trail, Jaspet GA 30143},
NOTE = { May be recycled in appropriate media },
DATE = {December 28 2022},
DAY = {28},
MONTH = {December},
YEAR = {2022},
AUTHOR1EMAIL = {marchywka@hotmail.com},
AUTHOR1ID = {orcid.org/0000-0001-9237-455X},
PAGES = { 0 },
CONTACT = {marchywka@hotmail.com},
FILENAME = {devhist}
}

@TECHREPORT{mmarchywka-MJM-2023-001,
AUTHOR = {M.J. Marchywka},
TITLE = { Aldosterone and Tryptophan in Hypertension },
NUMBER = {MJM-2023-001},
VERSION = { 0.00 },
INSTITUTION = { not institutionalized , independent},
ADDRESS = {44 Crosscreek Trail, Jaspet GA 30143},
NOTE = { May be recycled in appropriate media },
DATE = {January 19 2023},
DAY = {19},
MONTH = {January},
YEAR = {2023},
AUTHOR1EMAIL = {marchywka@hotmail.com},
AUTHOR1ID = {orcid.org/0000-0001-9237-455X},
PAGES = { 0 },
CONTACT = {marchywka@hotmail.com},
FILENAME = {aldo}
}

@TECHREPORT{mmarchywka-MJM-2023-002,
AUTHOR = {M.J. Marchywka},
TITLE = { Possible hypothyroid correction with benzoate snack },
NUMBER = {MJM-2023-002},
VERSION = { 0.00 },
INSTITUTION = { not institutionalized , independent},
ADDRESS = {44 Crosscreek Trail, Jaspet GA 30143},
NOTE = { May be recycled in appropriate media },
DATE = {January 19 2023},
DAY = {19},
MONTH = {January},
YEAR = {2023},
AUTHOR1EMAIL = {marchywka@hotmail.com},
AUTHOR1ID = {orcid.org/0000-0001-9237-455X},
PAGES = { 0 },
CONTACT = {marchywka@hotmail.com},
FILENAME = {rocky}
}

@TECHREPORT{mmarchywka-MJM-2023-003,
AUTHOR = {M.J. Marchywka},
TITLE = { Resolution of cough in a group of dogs coincident with vitamin E supplementation  },
NUMBER = {MJM-2023-003},
VERSION = { 0.00 },
INSTITUTION = { not institutionalized , independent},
ADDRESS = {44 Crosscreek Trail, Jaspet GA 30143},
NOTE = { May be recycled in appropriate media },
DATE = {January 20 2023},
DAY = {20},
MONTH = {January},
YEAR = {2023},
AUTHOR1EMAIL = {marchywka@hotmail.com},
AUTHOR1ID = {orcid.org/0000-0001-9237-455X},
PAGES = { 0 },
CONTACT = {marchywka@hotmail.com},
FILENAME = {coughe}
}

@TECHREPORT{mmarchywka-MJM-2023-004,
AUTHOR = {M.J. Marchywka},
TITLE = { FreeFEM and other Numerical notebook },
NUMBER = {MJM-2023-004},
VERSION = { 0.00 },
INSTITUTION = { not institutionalized , independent},
ADDRESS = {44 Crosscreek Trail, Jaspet GA 30143},
NOTE = { May be recycled in appropriate media },
DATE = {February 17 2023},
DAY = {17},
MONTH = {February},
YEAR = {2023},
AUTHOR1EMAIL = {marchywka@hotmail.com},
AUTHOR1ID = {orcid.org/0000-0001-9237-455X},
PAGES = { 0 },
CONTACT = {marchywka@hotmail.com},
FILENAME = {freefem}
}

@TECHREPORT{mmarchywka-MJM-2023-005,
AUTHOR = {M.J. Marchywka},
TITLE = { Its Always the Last Place You Look : Vitamins and Related Controversies },
NUMBER = {MJM-2023-005},
VERSION = { 0.00 },
INSTITUTION = { not institutionalized , independent},
ADDRESS = {44 Crosscreek Trail, Jaspet GA 30143},
NOTE = { May be recycled in appropriate media },
DATE = {May 20 2023},
DAY = {20},
MONTH = {May},
YEAR = {2023},
AUTHOR1EMAIL = {marchywka@hotmail.com},
AUTHOR1ID = {orcid.org/0000-0001-9237-455X},
PAGES = { 0 },
CONTACT = {marchywka@hotmail.com},
FILENAME = {lastlook}
}

@TECHREPORT{mmarchywka-MJM-2023-006,
AUTHOR = {M.J. Marchywka},
TITLE = { Comments on Daily Literature Updates },
NUMBER = {MJM-2023-006},
VERSION = { 0.00 },
INSTITUTION = { not institutionalized , independent},
ADDRESS = {44 Crosscreek Trail, Jaspet GA 30143},
NOTE = { May be recycled in appropriate media },
DATE = {July 30 2023},
DAY = {30},
MONTH = {July},
YEAR = {2023},
AUTHOR1EMAIL = {marchywka@hotmail.com},
AUTHOR1ID = {orcid.org/0000-0001-9237-455X},
PAGES = { 0 },
CONTACT = {marchywka@hotmail.com},
FILENAME = {dailylit}
}

@TECHREPORT{mmarchywka-MJM-2023-007,
AUTHOR = {M.J. Marchywka},
TITLE = { MJMDatascope : A viewer for streamed numerical data },
NUMBER = {MJM-2023-007},
VERSION = { 0.00 },
INSTITUTION = { not institutionalized , independent},
ADDRESS = {44 Crosscreek Trail, Jaspet GA 30143},
NOTE = { May be recycled in appropriate media },
DATE = {September 14 2023},
DAY = {14},
MONTH = {September},
YEAR = {2023},
AUTHOR1EMAIL = {marchywka@hotmail.com},
AUTHOR1ID = {orcid.org/0000-0001-9237-455X},
PAGES = { 0 },
CONTACT = {marchywka@hotmail.com},
FILENAME = {dscopedoc}
}

@TECHREPORT{mmarchywka-MJM-2023-008,
AUTHOR = {M.J. Marchywka},
TITLE = { Potential Uses of Microbiome as Nutrient Diagnostic in Unresolved Diseases. },
NUMBER = {MJM-2023-008},
VERSION = { 0.00 },
INSTITUTION = { not institutionalized , independent},
ADDRESS = {44 Crosscreek Trail, Jaspet GA 30143},
NOTE = { May be recycled in appropriate media },
DATE = {September 17 2023},
DAY = {17},
MONTH = {September},
YEAR = {2023},
AUTHOR1EMAIL = {marchywka@hotmail.com},
AUTHOR1ID = {orcid.org/0000-0001-9237-455X},
PAGES = { 0 },
CONTACT = {marchywka@hotmail.com},
FILENAME = {potuse}
}

